@Book{xie2015,
  title = {Dynamic Documents with {R} and knitr},
  author = {Yihui Xie},
  publisher = {Chapman and Hall/CRC},
  address = {Boca Raton, Florida},
  year = {2015},
  edition = {2nd},
  note = {ISBN 978-1498716963},
  url = {http://yihui.org/knitr/},
}

@book{fischer2010handbook,
  title={Handbook of applied spatial analysis: software tools, methods and applications},
  author={Fischer, Manfred M and Getis, Arthur and others},
  year={2010},
  publisher={Springer}
}

@book{sds,
  author = {Edzer Pebesma and Roger Bivand},
  year = 2023,
  title = {Spatial Data Science: With Applications in {R}},
  publisher = {Chapman and Hall/CRC},
  address = {Boca Raton},
  URL = {https://doi.org/10.1201/9780429459016},
  doi = {10.1201/9780429459016}
}

  @Manual{dplyr,
    title = {dplyr: A Grammar of Data Manipulation},
    author = {Hadley Wickham and Romain Francois and Lionel Henry and Kirill Muller and Davis Vaughan},
    year = {2023},
    note = {R package version 1.1.4},
    url = {https://CRAN.R-project.org/package=dplyr},
  }
  
   @Manual{dataset,
    title = {R: A Language and Environment for Statistical Computing},
    author = {{R Core Team}},
    organization = {R Foundation for Statistical Computing},
    address = {Vienna, Austria},
    year = {2024},
    url = {https://www.R-project.org/},
  }
  
  @misc{wooldridge1996introductory,
  title={Introductory Econometrics: A Modern Approach 7th ed.},
  author={Wooldridge, Jeffrey M},
  year={2016}
}

  @Manual{gapminder,
    title = {gapminder: Data from Gapminder},
    author = {Jennifer Bryan},
    year = {2023},
    note = {R package version 1.0.0},
    url = {https://CRAN.R-project.org/package=gapminder},
  }

 @Article{sfarticle,
    author = {Edzer Pebesma},
    title = {{Simple Features for R: Standardized Support for Spatial Vector Data}},
    year = {2018},
    journal = {{The R Journal}},
    doi = {10.32614/RJ-2018-009},
    url = {https://doi.org/10.32614/RJ-2018-009},
    pages = {439--446},
    volume = {10},
    number = {1},
  }
  

@book{sds,
  author = {Edzer Pebesma and Roger Bivand},
  year = 2023,
  title = {Spatial Data Science: With Applications in {R}},
  publisher = {Chapman and Hall/CRC},
  address = {Boca Raton},
  URL = {https://doi.org/10.1201/9780429459016},
  doi = {10.1201/9780429459016}
}
